@book{Zuckarelli,
abstract = {1. Auflage. Includes index.},
author = {Zuckarelli, Joachim},
isbn = {9781492064879},
title = {{Statistik mit R : eine praxisorientierte EinfuÌˆhrung in R}},
url = {https://proquest.tech.safaribooksonline.de/book/programming/r/9781492064879/firstchapter}
}
